% ---------------------------------------------------
% LITERATURE REVIEWS 
@article{azuma1997survey,
  title={A survey of augmented reality},
  author={Azuma, Ronald T},
  journal={\textup{Presence: Teleoperators \& Virtual Environments}},
  volume={6},
  number={4},
  pages={355--385},
  year={1997},
  publisher={MIT Press}
}

@article{10.3897/jucs.76535,
	author = {Stefano Masneri and Ana Domínguez and Mikel Zorrilla and Mikel Larrañaga and Ana Arruarte},
	title = {Interactive, Collaborative and Multi-user Augmented Reality Applications in Primary and Secondary Education. A Systematic Review},
	volume = {28},
	number = {6},
	year = {2022},
	doi = {10.3897/jucs.76535},
	publisher = {Journal of Universal Computer Science},
	issn = {0948-695X},
	pages = {564-590},
	journal = {JUCS - Journal of Universal Computer Science}
}

% manufacturing
@article{ong2008augmented,
  title={Augmented reality applications in manufacturing: a survey},
  author={Ong, Soh Khim and Yuan, ML and Nee, Andrew YC},
  journal={International journal of production research},
  volume={46},
  number={10},
  pages={2707--2742},
  year={2008},
  publisher={Taylor \& Francis}
}

@article{ibanez2018augmented,
  title={Augmented reality for STEM learning: A systematic review},
  author={Ib{\'a}{\~n}ez, Mar{\'\i}a-Blanca and Delgado-Kloos, Carlos},
  journal={Computers \& Education},
  volume={123},
  pages={109--123},
  year={2018},
  publisher={Elsevier}
}

@article{akccayir2017advantages,
  title={Advantages and challenges associated with augmented reality for education: A systematic review of the literature},
  author={Ak{\c{c}}ay{\i}r, Murat and Ak{\c{c}}ay{\i}r, G{\"o}k{\c{c}}e},
  journal={Educational Research Review},
  volume={20},
  pages={1--11},
  year={2017},
  publisher={Elsevier}
}

@article{garzon2019systematic,
  title={Systematic review and meta-analysis of augmented reality in educational settings},
  author={Garz{\'o}n, Juan and Pav{\'o}n, Juan and Baldiris, Silvia},
  journal={Virtual Reality},
  volume={23},
  number={4},
  pages={447--459},
  year={2019},
  publisher={Springer}
}

@article{pellas2019augmenting,
  title={Augmenting the learning experience in primary and secondary school education: A systematic review of recent trends in augmented reality game-based learning},
  author={Pellas, Nikolaos and Fotaris, Panagiotis and Kazanidis, Ioannis and Wells, David},
  journal={Virtual Reality},
  volume={23},
  number={4},
  pages={329--346},
  year={2019},
  publisher={Springer}
}

@INPROCEEDINGS{7943075,
author={Dinis, Fábio Matoseiro and Guimarães, Ana Sofia and Carvalho, Bárbara Rangel and Poças Martins, João Pedro},
booktitle={2017 IEEE Global Engineering Education Conference (EDUCON)},
title={Virtual and augmented reality game-based applications to civil engineering education},
year={2017},
volume={},  
number={},  
pages={1683-1688},  
doi={10.1109/EDUCON.2017.7943075}
}

@InProceedings{chen2017new,
author={Chen, Peng and Liu, Xiaolin and Cheng, Wei and Huang, Ronghuai},
title={A review of using Augmented Reality in Education from 2011 to 2016},
booktitle={Innovations in Smart Learning},
year={2017},
publisher={Springer Singapore},
address={Singapore},
pages={13--18},
isbn={978-981-10-2419-1}
}

% ---------------------------------------------------
% GENERIC AUGMENTED REALITY PAPERS
% first AR
@INPROCEEDINGS{caudell1992augmented,
  author={T. P. {Caudell} and D. W. {Mizell}},
  booktitle={\textup{Proceedings of the Twenty-Fifth Hawaii International Conference on System Sciences}}, 
  title={Augmented reality: an application of heads-up display technology to manual manufacturing processes}, 
  year={1992},
  volume={ii},
  number={},
  pages={659-669}
}

@article{billinghurst2002collaborative,
  title={Collaborative augmented reality},
  author={Billinghurst, Mark and Kato, Hirokazu},
  journal={Communications of the ACM},
  volume={45},
  number={7},
  pages={64--70},
  year={2002},
  publisher={ACM New York, NY, USA}
}

% AR definition
@article{milgram1994taxonomy,
  title={A taxonomy of mixed reality visual displays},
  author={Milgram, Paul and Kishino, Fumio},
  journal={IEICE Transactions on Information and Systems},
  volume={77},
  number={12},
  pages={1321--1329},
  year={1994},
  publisher={The Institute of Electronics, Information and Communication Engineers}
}

% gaming
@article{das2017augmented,
  title={Augmented reality video games: new possibilities and implications for children and adolescents},
  author={Das, Prithwijit and Zhu, Meng’ou and McLaughlin, Laura and Bilgrami, Zaid and Milanaik, Ruth L},
  journal={Multimodal Technologies and Interaction},
  volume={1},
  number={2},
  pages={8},
  year={2017},
  publisher={MDPI}
}

% cultural heritage
@article{tom2017value,
  title={Value of augmented reality at cultural heritage sites: A stakeholder approach},
  author={tom Dieck, M Claudia and Jung, Timothy Hyungsoo},
  journal={Journal of Destination Marketing \& Management},
  volume={6},
  number={2},
  pages={110--117},
  year={2017},
  publisher={Elsevier}
}

% customer engagement
@article{mclean2019shopping,
  title={Shopping in the digital world: Examining customer engagement through augmented reality mobile applications},
  author={McLean, Graeme and Wilson, Alan},
  journal={Computers in Human Behavior},
  volume={101},
  pages={210--224},
  year={2019},
  publisher={Elsevier}
}

@article{bressler2013mixed,
  title={A mixed methods assessment of students' flow experiences during a mobile augmented reality science game},
  author={Bressler, Denise M and Bodzin, Alec M},
  journal={Journal of computer assisted learning},
  volume={29},
  number={6},
  pages={505--517},
  year={2013},
  publisher={Wiley Online Library}
}

@article{sirakaya2018effect,
  title={The effect of augmented reality use on achievement, misconception and course engagement},
  author={Sirakaya, Mustafa and Cakmak, Ebru Kilic},
  journal={Contemporary Educational Technology},
  volume={9},
  number={3},
  pages={297--314},
  year={2018}
}

@inproceedings{masneri2020work,
  title={Work-in-progress—{ARETE}-An Interactive Educational System using Augmented Reality},
  author={Masneri, Stefano and Dominguez, Ana and Wild, Fridolin and Pronk, Jeroen and Heintz, Matthias and Tiede, Jennifer and Nistor, Adina and Chiazzese, Giuseppe and Mangina, Eleni},
  booktitle={2020 6th International Conference of the Immersive Learning Research Network (iLRN)},
  pages={283--286},
  year={2020},
  organization={IEEE}
}
% ---------------------------------------------------

% ---------------------------------------------------
% COLLABORATIVE AUGMENTED REALITY 
% IN DROPBOX: 034-Cai, 165-oh, 166-alaigeorgiou

@article{cai2017applications,
  title={Applications of augmented reality-based natural interactive learning in magnetic field instruction},
  author={Cai, Su and Chiang, Feng-Kuang and Sun, Yuchen and Lin, Chenglong and Lee, Joey J},
  journal={\textup{Interactive Learning Environments}},
  volume={25},
  number={6},
  pages={778--791},
  year={2017},
  publisher={Taylor \& Francis}
}

@inproceedings{lee2019mobile,
  title={A Mobile Game for Learning English Vocabulary with Augmented Reality Block Builder},
  author={Lee, Lap-Kei and Chau, Chi-Pang and Tsoi, Ki-Nam and Yang, Nancy Ling and Wu, Nga-In},
  booktitle={\textup{International Conference on Technology in Education}},
  pages={116--128},
  year={2019},
  organization={Springer}
}

@inproceedings{ortiz2018evaluation,
  title={Evaluation of an Augmented Reality Multiplayer Learning Game},
  author={Ortiz, Andrea and Vitery, Cristian and Gonz{\'a}lez, Carolina and Tobar-Mu{\~n}oz, Hendrys},
  booktitle={\textup{Joint International Conference on Serious Games}},
  pages={91--100},
  year={2018},
  organization={Springer}
}

@article{xefteris2019mixing,
  author    = {Stefanos Xefteris and
               George Palaigeorgiou},
  title     = {Mixing Educational Robotics, Tangibles and Mixed Reality Environments
               for the Interdisciplinary Learning of Geography and History},
  journal   = {Int. J. Eng. Pedagog.},
  volume    = {9},
  number    = {2},
  pages     = {82--98},
  year      = {2019}
}

@article{takahashi2018empathic,
  title={An Empathic Design Approach to an Augmented Gymnasium in a Special Needs School Setting.},
  author={Takahashi, Issey and Oki, Mika and Bourreau, Baptiste and Kitahara, Itaru and Suzuki, Kenji},
  journal={\textup{International Journal of Design}},
  volume={12},
  number={3},
  year={2018}
}

@inproceedings{oh2016designing,
  title={Designing a multi-user interactive simulation using AR glasses},
  author={Oh, Seungjae and Park, Kyudong and Kwon, Soonmo and So, Hyo-Jeong},
  booktitle={\textup{Proceedings of the TEI'16: Tenth International Conference on Tangible, Embedded, and Embodied Interaction}},
  pages={539--544},
  year={2016}
}

@article{oh2017hybrid,
  title={Hybrid augmented reality for participatory learning: The hidden efficacy of multi-user game-based simulation},
  author={Oh, Seungjae and So, Hyo-Jeong and Gaydos, Matthew},
  journal={\textup{IEEE Transactions on Learning Technologies}},
  volume={11},
  number={1},
  pages={115--127},
  year={2017},
  publisher={IEEE}
}

@article{palaigeorgiou2018touching,
  title={Touching and traveling on 3D augmented tangible maps for learning geography},
  author={Palaigeorgiou, George and Karakostas, Anastasios and Skenteridou, Kyriaki},
  journal={\textup{Interactive Technology and Smart Education}},
  year={2018},
  publisher={Emerald Publishing Limited}
}

@inproceedings{laviole2018nectar,
  title={Nectar: Multi-user Spatial Augmented Reality for everyone: Three live demonstrations of educative applications},
  author={Laviole, J{\'e}r{\'e}my and Thevin, Lauren and Albouys-Perrois, Jeremy and Brock, Anke},
  booktitle={\textup{Proceedings of the Virtual Reality International Conference-Laval Virtual}},
  pages={1--6},
  year={2018}
}

@inproceedings{boonbrahm2016interactive,
  title={Interactive Augmented Reality: A New Approach for Collaborative Learning},
  author={Boonbrahm, Poonpong and Kaewrat, Charlee and Boonbrahm, Salin},
  booktitle={\textup{International Conference on Learning and Collaboration Technologies}},
  pages={115--124},
  year={2016},
  organization={Springer}
}

@article{lopez2020emofindar,
  title={Emofindar: Evaluation of a mobile multiplayer augmented reality game for primary school children},
  author={L{\'o}pez-Faican, Lissette and Jaen, Javier},
  journal={\textup{Computers \& Education}},
  volume={149},
  pages={103814},
  year={2020},
  publisher={Elsevier}
}

% ---------------------------------------------------

% ---------------------------------------------------
% EVALUATION OF AR APPLICATIONS

% IN DROPBOX: 111-Thamrongat, 032-cen2019
@inproceedings{thamrongrat2019design,
  title={Design and Evaluation of an Augmented Reality App for Learning Geometric Shapes in {3D}},
  author={Thamrongrat, Pornpon and Law, Effie Lai-Chong},
  booktitle={\textup{IFIP Conference on Human-Computer Interaction}},
  pages={364--385},
  year={2019},
  organization={Springer}
}

@article{cen2019augmented,
  title={Augmented Immersive Reality (AIR) for Improved Learning Performance: A Quantitative Evaluation},
  author={Cen, Ling and Ruta, Dymitr and Al Qassem, Lamees Mahmoud Mohd Said and Ng, Jason},
  journal={\textup{IEEE Transactions on Learning Technologies}},
  year={2019},
  publisher={IEEE}
}


@article{catal2020evaluation,
  title={Evaluation of augmented reality technology for the design of an evacuation training game},
  author={Catal, Cagatay and Akbulut, Akhan and Tunali, Berkay and Ulug, Erol and Ozturk, Eren},
  journal={Virtual Reality},
  volume={24},
  number={3},
  pages={359--368},
  year={2020},
  publisher={Springer}
}

@book{chandrasekera2015effect,
  title={The effect of augmented reality and virtual reality interfaces on epistemic actions and the creative process},
  author={Chandrasekera, Tilanka},
  year={2015},
  publisher={University of Missouri-Columbia}
}

@article{santos2013augmented,
  title={Augmented reality learning experiences: Survey of prototype design and evaluation},
  author={Santos, Marc Ericson C and Chen, Angie and Taketomi, Takafumi and Yamamoto, Goshiro and Miyazaki, Jun and Kato, Hirokazu},
  journal={IEEE Transactions on learning technologies},
  volume={7},
  number={1},
  pages={38--56},
  year={2013},
  publisher={IEEE}
}

%Questionnaires:
@article{ryan2000self,
  title={Self-determination theory and the facilitation of intrinsic motivation, social development, and well-being.},
  author={Ryan, Richard M and Deci, Edward L},
  journal={American psychologist},
  volume={55},
  number={1},
  pages={68},
  year={2000},
  publisher={American Psychological Association}
}

@article{keller1987development,
  title={Development and use of the ARCS model of instructional design},
  author={Keller, John M},
  journal={Journal of instructional development},
  volume={10},
  number={3},
  pages={2--10},
  year={1987},
  publisher={Springer}
}

@article{maor1999teacher,
  title={A teacher professional development program on using a constructivist multimedia learning environment},
  author={Maor, Dorit},
  journal={Learning Environments Research},
  volume={2},
  number={3},
  pages={307--330},
  year={1999},
  publisher={Springer}
}

@article{davis1996critical,
  title={A critical assessment of potential measurement biases in the technology acceptance model: three experiments},
  author={Davis, Fred D and Venkatesh, Viswanath},
  journal={International journal of human-computer studies},
  volume={45},
  number={1},
  pages={19--45},
  year={1996},
  publisher={Elsevier}
}

@inproceedings{prumper1999test,
  title={Test It: ISONORM 9241/10.},
  author={Pr{\"u}mper, Jochen},
  booktitle={HCI (1)},
  pages={1028--1032},
  year={1999}
}

@article{bower2015educational,
  title={What are the educational affordances of wearable technologies?},
  author={Bower, Matt and Sturman, Daniel},
  journal={Computers \& Education},
  volume={88},
  pages={343--353},
  year={2015},
  publisher={Elsevier}
}

% ---------------------------------------------------


%----------------------------------------------------
% GEOGRAPHY RELATED

@article{collins2018impact,
  title={The impact of paper versus digital map technology on students' spatial thinking skill acquisition},
  author={Collins, Larianne},
  journal={Journal of Geography},
  volume={117},
  number={4},
  pages={137--152},
  year={2018},
  publisher={Taylor \& Francis}
}

@article{catling1993whole,
  title={The whole world in our hands},
  author={Catling, Simon},
  journal={Geography},
  pages={340--358},
  year={1993},
  publisher={JSTOR}
}

%----------------------------------------------------

%----------------------------------------------------
% XAPI RELATED
@article{wu2020design,
  title={Design and implementation of data collection mechanism for {3D} design course based on {xAPI} standard},
  author={Wu, Yonghe and Guo, Shouchao and Zhu, Lijuan},
  journal={Interactive Learning Environments},
  volume={28},
  number={5},
  pages={602--619},
  year={2020},
  publisher={Taylor \& Francis}
}

@ARTICLE{8423185,
author={Manso-Vázquez, Mario and Caeiro-Rodríguez, Manuel and Llamas-Nistal, Martín},
journal={IEEE Access},
title={An xAPI Application Profile to Monitor Self-Regulated Learning Strategies},
year={2018},
volume={6},
number={},
pages={42467-42481},
doi={10.1109/ACCESS.2018.2860519}
}

%----------------------------------------------------

@misc{xAPIspec,
  title = {{xAPI-Spec}},
  howpublished = {\url{https://github.com/adlnet/xAPI-Spec}},
  note = {Accessed: 2023-03-01},
  author={Clarke, Ben and others},
  year={2020}
}

@inproceedings{alrashidi2017evaluating,
  title={Evaluating the use of pedagogical virtual machine with augmented reality to support learning embedded computing activity},
  author={Alrashidi, Malek and Gardner, Michael and Callaghan, Vic},
  booktitle={Proceedings of the 9th International Conference on Computer and Automation Engineering},
  pages={44--50},
  year={2017}
}

@book{doi/10.2759/121671,
author = {European Commission and Directorate-General for Communications Networks, Content and Technology and Boel, C and Dekeyser, K and Depaepe, F and Quintero, L and Daele, T and Wiederhold, B},
title = {Extended reality : opportunities, success stories and challenges (health, education) : final report},
publisher = {Publications Office of the European Union},
year = {2023},
doi = {doi/10.2759/121671}}

@Article{Masneri2023,
author={Masneri, Stefano
and Dom{\'i}nguez, Ana
and Sanz, Miguel
and Zorrilla, Mikel
and Larra{\~{n}}aga, Mikel
and Arruarte, Ana},
title={cle{AR}: an interoperable architecture for multi-user AR-based school curricula},
journal={Virtual Reality},
year={2023},
month={Feb},
day={27},
issn={1434-9957},
doi={10.1007/s10055-023-00764-5}
}

@ARTICLE{7274434,
  author={Santos, Marc Ericson C. and Polvi, Jarkko and Taketomi, Takafumi and Yamamoto, Goshiro and Sandor, Christian and Kato, Hirokazu},
  journal={IEEE Computer Graphics and Applications}, 
  title={Toward Standard Usability Questionnaires for Handheld Augmented Reality}, 
  year={2015},
  volume={35},
  number={5},
  pages={66-75},
  doi={10.1109/MCG.2015.94}
}

@article{vlachos2022review,
  title={A review of ontologies for augmented reality cultural heritage applications},
  author={Vlachos, Apostolos and Perifanou, Maria and Economides, Anastasios A},
  journal={Journal of Cultural Heritage Management and Sustainable Development},
  year={2022},
  publisher={Emerald Publishing Limited}
}

@article{CHANG2022104641,
title = {Ten years of augmented reality in education: A meta-analysis of (quasi-) experimental studies to investigate the impact},
journal = {Computers \& Education},
volume = {191},
pages = {104641},
year = {2022},
issn = {0360-1315},
doi = {10.1016/j.compedu.2022.104641},
author = {Hsin-Yi Chang and Theerapong Binali and Jyh-Chong Liang and Guo-Li Chiou and Kun-Hung Cheng and Silvia Wen-Yu Lee and Chin-Chung Tsai}
}

@article{eleniiattro,
title={Current Challenges and Future Research Directions in Augmented Reality for Education},
volume={6},
ISSN={2414-4088},
DOI={10.3390/mti6090075},
number={9},
journal={Multimodal Technologies and Interaction},
publisher={MDPI AG},
author={Iqbal, Muhammad Zahid and Mangina, Eleni and Campbell, Abraham G.},
year={2022},
month={Sep},
pages={75}
}

@ARTICLE{9645428,
  author={Pan, Xingyu and Zheng, Mengya and Xu, Xuanhui and Campbell, Abraham G.},
  journal={IEEE Access}, 
  title={Knowing Your Student: Targeted Teaching Decision Support Through Asymmetric Mixed Reality Collaborative Learning}, 
  year={2021},
  volume={9},
  number={},
  pages={164742-164751},
  doi={10.1109/ACCESS.2021.3134589}
}

@inproceedings{choi2017arclassnote,
  title={Arclassnote: Augmented reality based remote education solution with tag recognition and shared hand-written note},
  author={Choi, Joonhyun and Yoon, Boram and Jung, Choongho and Woo, Woontack},
  booktitle={2017 IEEE International Symposium on Mixed and Augmented Reality (ISMAR-Adjunct)},
  pages={303--309},
  year={2017},
  organization={IEEE}
}

@article{LAW2021100321,
title = {Augmented reality applications for {K}-12 education: A systematic review from the usability and user experience perspective},
journal = {International Journal of Child-Computer Interaction},
volume = {30},
pages = {100321},
year = {2021},
issn = {2212-8689},
doi = {10.1016/j.ijcci.2021.100321},
author = {Effie Lai-Chong Law and Matthias Heintz},
keywords = {Augmented reality, Education, Usability, User experience, Systematic review}
}

@article{ccelik2022use,
  title={The use of augmented reality in a gamified {CLIL} lesson and students’ achievements and attitudes: a quasi-experimental study},
  author={{\c{C}}elik, Ferdi and Yang{\i}n Ersanl{\i}, Ceylan},
  journal={Smart Learning Environments},
  volume={9},
  number={1},
  pages={30},
  year={2022},
  publisher={Springer}
}

@article{da2019perspectives,
  title={Perspectives on how to evaluate augmented reality technology tools for education: a systematic review},
  author={da Silva, Manoela MO and Teixeira, Jo{\~a}o Marcelo XN and Cavalcante, Patr{\'\i}cia S and Teichrieb, Veronica},
  journal={Journal of the Brazilian Computer Society},
  volume={25},
  pages={1--18},
  year={2019},
  publisher={Springer}
}

@inproceedings{rajaram2022paper,
  title={Paper trail: An immersive authoring system for augmented reality instructional experiences},
  author={Rajaram, Shwetha and Nebeling, Michael},
  booktitle={Proceedings of the 2022 CHI Conference on Human Factors in Computing Systems},
  pages={1--16},
  year={2022}
}

@article{thanyadit2022easy,
  title={How Easy is it to Extend Reality? A Usability Study of Authoring Toolkits},
  author={Thanyadit, Santawat and Heintz, Matthias and Law, Effie Lai-Chong and Mangina, Eleni},
  journal={Human Interaction \& Emerging Technologies (IHIET 2022): Artificial Intelligence \& Future Applications},
  volume={68},
  pages={9},
  year={2022},
  publisher={AHFE International}
}

@ARTICLE{8119581,
  author={Chamba-Eras, Luis and Aguilar, Jose},
  journal={IEEE Revista Iberoamericana de Tecnologias del Aprendizaje}, 
  title={Augmented Reality in a Smart Classroom—Case Study: SaCI}, 
  year={2017},
  volume={12},
  number={4},
  pages={165-172},
  doi={10.1109/RITA.2017.2776419}
}

@INPROCEEDINGS{9225931,
  author={Secretan, Joshua and Wild, Fridolin and Guest, Will},
  booktitle={2019 IEEE International Conference on Engineering, Technology and Education (TALE)}, 
  title={Learning Analytics in Augmented Reality: Blueprint for an {AR} / {xAPI} Framework}, 
  year={2019},
  volume={},
  number={},
  pages={1-6},
  doi={10.1109/TALE48000.2019.9225931}
}

@misc{openai2023gpt4,
      title={{GPT-4} Technical Report}, 
      author={OpenAI},
      year={2023},
      eprint={2303.08774},
      archivePrefix={arXiv},
      primaryClass={cs.CL}
}

@article{brooke1996sus,
  title={{SUS}-A quick and dirty usability scale},
  author={Brooke, John and others},
  journal={Usability evaluation in industry},
  volume={189},
  number={194},
  pages={4--7},
  year={1996},
  publisher={London, England}
}

@inproceedings{sauro2011designing,
  title={When designing usability questionnaires, does it hurt to be positive?},
  author={Sauro, Jeff and Lewis, James R},
  booktitle={Proceedings of the SIGCHI conference on human factors in computing systems},
  pages={2215--2224},
  year={2011}
}

@InProceedings{10.1007/978-3-030-93907-6_106,
author="Masneri, Stefano
and Dom{\'i}nguez, Ana
and Sanz, Miguel
and Tamayo, I{\~{n}}igo
and Zorrilla, Mikel
and Larra{\~{n}}aga, Mikel
and Arruarte, Ana",
editor="Auer, Michael E.
and Hortsch, Hanno
and Michler, Oliver
and K{\"o}hler, Thomas",
title="Collaborative Multi-user Augmented Reality Solutions in the Classroom",
booktitle="Mobility for Smart Cities and Regional Development - Challenges for Higher Education",
year="2022",
publisher="Springer International Publishing",
address="Cham",
pages="1004--1011",
isbn="978-3-030-93907-6"
}

@misc{Osmulski_Ask_AI_-_2023,
author = {Osmulski, Radek},
month = mar,
title = {{Ask AI - library for talking to ChatGPT from within Jupyter Notebook}},
url = {https://github.com/radekosmulski/ask_ai},
year = {2023}
}

@misc{UnityRenderStreaming,
author = "Matsumoto, Kazuki
and Kannan, Takashi
and Tanuwijaya, Sindharta
and Harrison, Brian
and Tranchet, Samuel
and Vo Van, Luc
",
month = may,
title = {{Unity Render Streaming}},
url = {https://github.com/Unity-Technologies/UnityRenderStreaming},
year = {2023}
}

@article{friedman1999rating,
  title={Rating the rating scales},
  author={Friedman, Hershey H and Amoo, Taiwo},
  journal={Friedman, Hershey H. and Amoo, Taiwo (1999)." Rating the Rating Scales." Journal of Marketing Management, Winter},
  pages={114--123},
  year={1999}
}

@article{hiera,
author = {   T.   Caliński  and    J   Harabasz },
title = {A dendrite method for cluster analysis},
journal = {Communications in Statistics},
volume = {3},
number = {1},
pages = {1-27},
year  = {1974},
publisher = {Taylor & Francis},
doi = {10.1080/03610927408827101}
}

@article{ROUSSEEUW198753,
title = {Silhouettes: A graphical aid to the interpretation and validation of cluster analysis},
journal = {Journal of Computational and Applied Mathematics},
volume = {20},
pages = {53-65},
year = {1987},
issn = {0377-0427},
doi = {https://doi.org/10.1016/0377-0427(87)90125-7},
author = {Peter J. Rousseeuw},
keywords = {Graphical display, cluster analysis, clustering validity, classification}
}

@book{jolliffe2002principal,
  title={Principal component analysis for special types of data},
  author={Jolliffe, Ian T},
  year={2002},
  publisher={Springer}
}